%! Author = ivanreyes
%! Date = 07/10/21

